@article{McKenzie2017AER,
Author = {McKenzie, David},
Title = {Identifying and Spurring High-Growth Entrepreneurship: Experimental Evidence from a Business Plan Competition},
Journal = {American Economic Review},
Volume = {107},
Number = {8},
Year = {2017},
Month = {August},
Pages = {2278-2307},
DOI = {10.1257/aer.20151404},
URL = {http://www.aeaweb.org/articles?id=10.1257/aer.20151404}}